
@unpublished{manualPractica1,
  author       = {Departament de Resistència de Materials i Estructures a l'Enginyeria}, 
  title        = {PRÁCTICAS. Simulación de flexión simétrica mediante FEM.},
  note         = {Guión de prácticas de laboratorio de la asignatura de Teoría de Estructuras},
  month        = 2,
  year         = 2022
}

@book{salsa2016partial,
  title={Partial differential equations in action: from modelling to theory},
  author={Salsa, Sandro},
  volume={99},
  year={2016},
  publisher={Springer}
}

@online{femSimScale,
    author      = {SimScale},
    date        = 2022,
    title       = {Finite Element Method – What Is It? FEM and FEA Explained},
    url         = {https://www.simscale.com/blog/2016/10/what-is-finite-element-method/},
    urldate     = {2022-03-12},
}